@article{andronache2008non,
  title={Non-rigid registration of multi-modal images using both mutual information and cross-correlation},
  author={Andronache, Adrian and von Siebenthal, Martin and Sz{\'e}kely, G{\'a}bor and Cattin, Ph},
  journal={Medical image analysis},
  volume={12},
  number={1},
  pages={3--15},
  year={2008},
  publisher={Elsevier}
}

@article{appledorn1980automated,
  title={An automated method for the alignment of image pairs.},
  author={Appledorn, C Robert and Oppenheim, Bernard E and Wellman, Henry N},
  journal={Journal of nuclear medicine: official publication, Society of Nuclear Medicine},
  volume={21},
  number={2},
  pages={165--167},
  year={1980}
}

@article{barber1982automatic,
  title={Automatic alignment of radionuclide images},
  author={Barber, DC},
  journal={Physics in Medicine \& Biology},
  volume={27},
  number={3},
  pages={387},
  year={1982},
  publisher={IOP Publishing}
}

@article{barber1976digital,
  title={Digital computer processing of brain scans using principal components},
  author={Barber, DC},
  journal={Physics in Medicine \& Biology},
  volume={21},
  number={5},
  pages={792},
  year={1976},
  publisher={IOP Publishing}
}

@inproceedings{calonder2010brief,
  title={Brief: Binary robust independent elementary features},
  author={Calonder, Michael and Lepetit, Vincent and Strecha, Christoph and Fua, Pascal},
  booktitle={European conference on computer vision},
  pages={778--792},
  year={2010},
  organization={Springer}
}

@article{cao2014multi,
  title={Multi-modal registration for correlative microscopy using image analogies},
  author={Cao, Tian and Zach, Christopher and Modla, Shannon and Powell, Debbie and Czymmek, Kirk and Niethammer, Marc},
  journal={Medical image analysis},
  volume={18},
  number={6},
  pages={914--926},
  year={2014},
  publisher={Elsevier}
}

@article{chan2015pcanet,
  title={{PCAN}et: A simple deep learning baseline for image classification?},
  author={Chan, Tsung-Han and Jia, Kui and Gao, Shenghua and Lu, Jiwen and Zeng, Zinan and Ma, Yi},
  journal={IEEE transactions on image processing},
  volume={24},
  number={12},
  pages={5017--5032},
  year={2015},
  publisher={IEEE}
}

@inproceedings{collignon19953d,
  title={3{D} multi-modality medical image registration using feature space clustering},
  author={Collignon, Andr{\'e} and Vandermeulen, Dirk and Suetens, Paul and Marchal, Guy},
  booktitle={International Conference on Computer Vision, Virtual Reality, and Robotics in Medicine},
  pages={195--204},
  year={1995},
  organization={Springer}
}

@article{detone2016deep,
  title={Deep image homography estimation},
  author={DeTone, Daniel and Malisiewicz, Tomasz and Rabinovich, Andrew},
  journal={arXiv preprint arXiv:1606.03798},
  year={2016}
}

@article{dosovitskiy2015discriminative,
  title={Discriminative unsupervised feature learning with exemplar convolutional neural networks},
  author={Dosovitskiy, Alexey and Fischer, Philipp and Springenberg, Jost Tobias and Riedmiller, Martin and Brox, Thomas},
  journal={IEEE transactions on pattern analysis and machine intelligence},
  volume={38},
  number={9},
  pages={1734--1747},
  year={2015},
  publisher={IEEE}
}

@article{fischler1981random,
  title={Random sample consensus: a paradigm for model fitting with applications to image analysis and automated cartography},
  author={Fischler, Martin A and Bolles, Robert C},
  journal={Communications of the ACM},
  volume={24},
  number={6},
  pages={381--395},
  year={1981},
  publisher={ACM}
}

@incollection{gee2003biomedical,
  title={Normalized Mutual Information Based PET-MR Registration Using K-Means Clustering and Shading Correction},
  author={Z. F. Knops and J. B. Antoine Maintz and M. A. Viergever and J. P. W. Pluim},
  booktitle={Biomedical Image Registration: Second International Workshop, WBIR 2003, Philadelphia, PA, USA, June 23-24, 2003, Revised Papers},
  editor={Gee, James C and Maintz, JB Antoine and Vannier, Michael W},
  volume={2717},
  year={2003},
  publisher={Springer}
}

@inproceedings{harris1988combined,
  title={A combined corner and edge detector.},
  author={Harris, Christopher G and Stephens, Mike and others},
  booktitle={Alvey vision conference},
  volume={15},
  number={50},
  pages={10--5244},
  year={1988},
  organization={Citeseer}
}

@article{heinrich2012mind,
  title={{MIND}: Modality independent neighbourhood descriptor for multi-modal deformable registration},
  author={Heinrich, Mattias P and Jenkinson, Mark and Bhushan, Manav and Matin, Tahreema and Gleeson, Fergus V and Brady, Michael and Schnabel, Julia A},
  journal={Medical image analysis},
  volume={16},
  number={7},
  pages={1423--1435},
  year={2012},
  publisher={Elsevier}
}

@inproceedings{heinrich2013towards,
  title={Towards realtime multimodal fusion for image-guided interventions using self-similarities},
  author={Heinrich, Mattias Paul and Jenkinson, Mark and Papie{\.z}, Bartlomiej W and Brady, Michael and Schnabel, Julia A},
  booktitle={International conference on medical image computing and computer-assisted intervention},
  pages={187--194},
  year={2013},
  organization={Springer}
}

@article{jiang2017fast,
  title={Fast and robust multimodal image registration using a local derivative pattern},
  author={Jiang, Dongsheng and Shi, Yonghong and Chen, Xinrong and Wang, Manning and Song, Zhijian},
  journal={Medical physics},
  volume={44},
  number={2},
  pages={497--509},
  year={2017},
  publisher={Wiley Online Library}
}

@misc{kim2018multimodal,
  title={Multimodal photoacoustic imaging: systems, applications, and agents},
  author={Kim, Chulhong and Chen, Zhongping},
  year={2018},
  publisher={Springer}
}

@article{li2016image,
  title={Image registration based on autocorrelation of local structure},
  author={Li, Zhang and Mahapatra, Dwarikanath and Tielbeek, Jeroen AW and Stoker, Jaap and van Vliet, Lucas J and Vos, Frans M},
  journal={IEEE transactions on medical imaging},
  volume={35},
  number={1},
  pages={63--75},
  year={2016},
  publisher={IEEE}
}

@article{loeckx2010nonrigid,
  title={Nonrigid image registration using conditional mutual information},
  author={Loeckx, Dirk and Slagmolen, Pieter and Maes, Frederik and Vandermeulen, Dirk and Suetens, Paul},
  journal={IEEE transactions on medical imaging},
  volume={29},
  number={1},
  pages={19--29},
  year={2010},
  publisher={IEEE}
}

@article{lowe2004distinctive,
  title={Distinctive image features from scale-invariant keypoints},
  author={Lowe, David G},
  journal={International journal of computer vision},
  volume={60},
  number={2},
  pages={91--110},
  year={2004},
  publisher={Springer}
}

@article{maes1997multimodality,
  title={Multimodality image registration by maximization of mutual information},
  author={Maes, Frederik and Collignon, Andre and Vandermeulen, Dirk and Marchal, Guy and Suetens, Paul},
  journal={IEEE transactions on Medical Imaging},
  volume={16},
  number={2},
  pages={187--198},
  year={1997},
  publisher={IEEE}
}

@article{ojala2002multiresolution,
  title={Multiresolution gray-scale and rotation invariant texture classification with local binary patterns},
  author={Ojala, Timo and Pietik{\"a}inen, Matti and M{\"a}enp{\"a}{\"a}, Topi},
  journal={IEEE Transactions on Pattern Analysis \& Machine Intelligence},
  number={7},
  pages={971--987},
  year={2002},
  publisher={IEEE}
}

@article{oliveira2014medical,
  title={Medical image registration: a review},
  author={Oliveira, Francisco PM and Tavares, Joao Manuel RS},
  journal={Computer methods in biomechanics and biomedical engineering},
  volume={17},
  number={2},
  pages={73--93},
  year={2014},
  publisher={Taylor \& Francis}
}

@article{parzen1962estimation,
  title={On estimation of a probability density function and mode},
  author={Parzen, Emanuel},
  journal={The annals of mathematical statistics},
  volume={33},
  number={3},
  pages={1065--1076},
  year={1962},
  publisher={JSTOR}
}

@article{rivaz2014self,
  title={Self-similarity weighted mutual information: a new nonrigid image registration metric},
  author={Rivaz, Hassan and Karimaghaloo, Zahra and Collins, D Louis},
  journal={Medical image analysis},
  volume={18},
  number={2},
  pages={343--358},
  year={2014},
  publisher={Elsevier}
}

@phdthesis{roberts1963machine,
  title={Machine perception of three-dimensional solids},
  author={Roberts, Lawrence G},
  year={1963},
  school={Massachusetts Institute of Technology}
}

@article{rogelj2003point,
  title={Point similarity measures for non-rigid registration of multi-modal data},
  author={Rogelj, Peter and Kova{\v{c}}i{\v{c}}, Stanislav and Gee, James C},
  journal={Computer vision and image understanding},
  volume={92},
  number={1},
  pages={112--140},
  year={2003},
  publisher={Elsevier}
}

@inproceedings{rosten2005fusing,
  title={Fusing points and lines for high performance tracking.},
  author={Rosten, Edward and Drummond, Tom},
  booktitle={ICCV},
  volume={2},
  pages={1508--1515},
  year={2005},
  organization={Citeseer}
}

@inproceedings{rosten2006machine,
  title={Machine learning for high-speed corner detection},
  author={Rosten, Edward and Drummond, Tom},
  booktitle={European conference on computer vision},
  pages={430--443},
  year={2006},
  organization={Springer}
}

@article{rosten2010faster,
  title={Faster and better: A machine learning approach to corner detection},
  author={Rosten, Edward and Porter, Reid and Drummond, Tom},
  journal={IEEE transactions on pattern analysis and machine intelligence},
  volume={32},
  number={1},
  pages={105--119},
  year={2010},
  publisher={IEEE}
}

@inproceedings{rublee2011orb,
  title={{ORB}: An efficient alternative to {SIFT} or {SURF}.},
  author={Rublee, Ethan and Rabaud, Vincent and Konolige, Kurt and Bradski, Gary R},
  booktitle={ICCV},
  volume={11},
  number={1},
  pages={2},
  year={2011},
  organization={Citeseer}
}

@inproceedings{russakoff2004image,
  title={Image similarity using mutual information of regions},
  author={Russakoff, Daniel B and Tomasi, Carlo and Rohlfing, Torsten and Maurer, Calvin R},
  booktitle={European Conference on Computer Vision},
  pages={596--607},
  year={2004},
  organization={Springer}
}

@inproceedings{simonovsky2016deep,
  title={A deep metric for multimodal registration},
  author={Simonovsky, Martin and Guti{\'e}rrez-Becker, Benjam{\'\i}n and Mateus, Diana and Navab, Nassir and Komodakis, Nikos},
  booktitle={International Conference on Medical Image Computing and Computer-Assisted Intervention},
  pages={10--18},
  year={2016},
  organization={Springer}
}

@article{sotiras2013deformable,
  title={Deformable medical image registration: A survey},
  author={Sotiras, Aristeidis and Davatzikos, Christos and Paragios, Nikos},
  journal={IEEE transactions on medical imaging},
  volume={32},
  number={7},
  pages={1153},
  year={2013},
  publisher={NIH Public Access}
}

@article{studholme1999overlap,
  title={An overlap invariant entropy measure of 3{D} medical image alignment},
  author={Studholme, Colin and Hill, Derek LG and Hawkes, David J},
  journal={Pattern recognition},
  volume={32},
  number={1},
  pages={71--86},
  year={1999},
  publisher={Elsevier}
}

@misc{takeshi2019pcanet,
  author={Ishita Takeshi},
  title={A Python implementation of {PCAN}et},
  year={2019},
  journal={Github repository},
  howpublished={\url{https://github.com/IshitaTakeshi/PCANet}},
  note = {Accessed: 2019-03-27}
}

@misc{viergever2016survey,
  title={A survey of medical image registration--under review},
  author={Viergever, Max A and Maintz, JB Antoine and Klein, Stefan and Murphy, Keelin and Staring, Marius and Pluim, Josien PW},
  year={2016},
  publisher={Elsevier}
}

@inproceedings{vinh2009information,
  title={Information theoretic measures for clusterings comparison: is a correction for chance necessary?},
  author={Vinh, Nguyen Xuan and Epps, Julien and Bailey, James},
  booktitle={Proceedings of the 26th annual international conference on machine learning},
  pages={1073--1080},
  year={2009},
  organization={ACM}
}

@article{viola1997alignment,
  title={Alignment by maximization of mutual information},
  author={Viola, Paul and Wells III, William M},
  journal={International journal of computer vision},
  volume={24},
  number={2},
  pages={137--154},
  year={1997},
  publisher={Springer}
}

@article{wachinger2012entropy,
  title={Entropy and Laplacian images: Structural representations for multi-modal registration},
  author={Wachinger, Christian and Navab, Nassir},
  journal={Medical image analysis},
  volume={16},
  number={1},
  pages={1--17},
  year={2012},
  publisher={Elsevier}
}

@article{wachowiak2004approach,
  title={An approach to multimodal biomedical image registration utilizing particle swarm optimization},
  author={Wachowiak, Mark P and Smol{\'\i}kov{\'a}, Renata and Zheng, Yufeng and Zurada, Jacek M and Elmaghraby, Adel Said},
  journal={IEEE Transactions on evolutionary computation},
  volume={8},
  number={3},
  pages={289--301},
  year={2004},
  publisher={IEEE}
}

@article{wells1996multi,
  title={Multi-modal volume registration by maximization of mutual information},
  author={Wells, William M and Viola, Paul and Atsumi, Hideki and Nakajima, Shin and Kikinis, Ron},
  journal={Medical image analysis},
  volume={1},
  number={1},
  pages={35--51},
  year={1996},
  publisher={Elsevier}
}

@article{woods1998automated,
  title={Automated image registration: I. General methods and intrasubject, intramodality validation},
  author={Woods, Roger P and Grafton, Scott T and Holmes, Colin J and Cherry, Simon R and Mazziotta, John C},
  journal={Journal of computer assisted tomography},
  volume={22},
  number={1},
  pages={139--152},
  year={1998},
  publisher={LWW}
}

@article{ye2017robust,
  title={Robust registration of multimodal remote sensing images based on structural similarity},
  author={Ye, Yuanxin and Shan, Jie and Bruzzone, Lorenzo and Shen, Li},
  journal={IEEE Transactions on Geoscience and Remote Sensing},
  volume={55},
  number={5},
  pages={2941--2958},
  year={2017},
  publisher={IEEE}
}

@inproceedings{zampieri2018multimodal,
  title={Multimodal image alignment through a multiscale chain of neural networks with application to remote sensing},
  author={Zampieri, Armand and Charpiat, Guillaume and Girard, Nicolas and Tarabalka, Yuliya},
  booktitle={Proceedings of the European Conference on Computer Vision (ECCV)},
  pages={657--673},
  year={2018}
}

@article{zhang2009local,
  title={Local derivative pattern versus local binary pattern: face recognition with high-order local pattern descriptor},
  author={Zhang, Baochang and Gao, Yongsheng and Zhao, Sanqiang and Liu, Jianzhuang},
  journal={IEEE transactions on image processing},
  volume={19},
  number={2},
  pages={533--544},
  year={2009},
  publisher={IEEE}
}

@article{zhu2018pcanet,
  title={{PCAN}et-Based Structural Representation for Nonrigid Multimodal Medical Image Registration},
  author={Zhu, Xingxing and Ding, Mingyue and Huang, Tao and Jin, Xiaomeng and Zhang, Xuming},
  journal={Sensors},
  volume={18},
  number={5},
  pages={1477},
  year={2018},
  publisher={Multidisciplinary Digital Publishing Institute}
}

@article{zitova2003image,
  title={Image registration methods: a survey},
  author={Zitova, Barbara and Flusser, Jan},
  journal={Image and vision computing},
  volume={21},
  number={11},
  pages={977--1000},
  year={2003},
  publisher={Elsevier}
}

@article{ofverstedt2019fast,
  title={Fast and Robust Symmetric Image Registration Based on Distances Combining Intensity and Spatial Information},
  author={{\"O}fverstedt, Johan and Lindblad, Joakim and Sladoje, Nata{\v{s}}a},
  journal={IEEE Transactions on Image Processing},
  year={2019},
  publisher={IEEE}
}

@misc{py_alpha_amd,
  author={{\"O}fverstedt, Johan},
  title={py\_alpha\_amd: {P}ython implementation of a registration framework using the {A}lpha {AMD} similarity measure},
  year={2019},
  journal={Github repository},
  howpublished={\url{https://github.com/MIDA-group/py_alpha_amd_release}},
  note = {Accessed: 2019-05-14}
}

@misc{cdi2019diff,
  author={{Center for Diagnostic Imaging}},
  title={What`s the Difference Between an {MRI} and a {CT}},
  year={2019},
  howpublished={\url{https://www.mycdi.com/blog/whats-the-difference-between-an-mri-and-a-ct/}},
  note = {Accessed: 2019-10-11}
}